@article{original,
    author = "Hui-Po Wang",
    title = "Learning priors for adversarial autoencoders",
    url = "https://openreview.net/pdf?id=rJSr0GZR-",
    year = "2018"
}

@article{DBLP:journals/corr/LarsenSW15,
author = {Anders Boesen Lindbo Larsen and
 S { \o } ren Kaae S { \o } nderby and
 Ole Winther},
title = {Autoencoding beyond pixels using a learned similarity metric},
journal = {CoRR},
volume = {abs/1512.09300},
year = {2015},
url = {http://arxiv.org/abs/1512.09300},
archivePrefix = {arXiv},
eprint = {1512.09300},
timestamp = {Mon, 13 Aug 2018 16:48:39 +0200},
biburl = {https://dblp.org/rec/bib/journals/corr/LarsenSW15},
bibsource = {dblp computer science bibliography, https://dblp.org}
}


@article{DBLP:journals/corr/MakhzaniSJG15,
author = {Alireza Makhzani and
 Jonathon Shlens and
 Navdeep Jaitly and
 Ian J. Goodfellow},
title = {Adversarial Autoencoders},
journal = {CoRR},
volume = {abs/1511.05644},
year = {2015},
url = {http://arxiv.org/abs/1511.05644},
archivePrefix = {arXiv},
eprint = {1511.05644},
timestamp = {Mon, 13 Aug 2018 16:46:23 +0200},
biburl = {https://dblp.org/rec/bib/journals/corr/MakhzaniSJG15},
bibsource = {dblp computer science bibliography, https://dblp.org}
}

