@article{original_paper,
author = {},
title = {Learning Priors for Adversarial Autoencoders},
journal = {},
volume = {},
year = {2018},
url = {https://openreview.net/pdf?id=rJSr0GZR-},
archivePrefix = {},
eprint = {},
timestamp = {},
biburl = {},
bibsource = {}
}
